1640 2972
234 195 336 251 262
538 199 782 252 Insecta.
820 199 995 253 Pbero
1003 198 1203 254 diceret.

280 303 484 342 Antennoe
508 305 628 343 rostri
657 304 856 358 elongati,
886 305 1027 358 saepius
1057 304 1289 358 longissimi
1317 311 1357 343 et
1380 303 1512 356 capite

226 371 445 412 manifesto
474 373 740 426 angustioris,
767 374 950 412 nutantis
977 382 1046 412 aut
1077 373 1238 422 inflexi,
1266 373 1309 411 in
1339 373 1513 426 pectoris

224 441 359 480 canali
391 443 598 482 interdum
636 442 884 495 recipiendi,
917 443 1135 492 lateribus,
1170 442 1351 481 medium
1378 456 1513 481 versus

226 511 407 561 insertae,
435 512 620 552 articulis
648 513 863 563 undecim3
894 514 1028 552 tribus
1053 522 1120 552 aut
1151 522 1325 566 quatuor
1352 511 1510 551 ultimis

226 591 333 621 arcte
355 584 563 632 connexis,
582 582 764 632 clavam,
794 592 978 632 ovatam,
1004 583 1090 621 basi
1109 583 1280 635 abrupta
1296 612 1306 630 ,
1330 583 1512 621 forman-

223 649 361 700 tibus3
390 650 564 689 articulo
597 650 660 689 cui
694 649 806 690 clava
837 651 1093 705 imponitur,
1122 651 1319 704 (septimo
1352 659 1420 688 aut
1441 664 1511 689 oc—

222 723 343 772 tavo)
383 736 403 759 a
442 722 623 773 sequenti
664 721 726 760 vel
766 721 947 772 ejusdem
981 721 1104 761 clavae
1145 720 1320 760 articulo
1358 719 1512 758 initiali

225 787 512 839 magnitudine
536 787 745 827 distincto.
770 789 1037 827 Manclibuloe
1064 791 1132 842 (ut
1153 790 1195 827 in
1214 788 1359 839 Lixis)
1377 788 1512 841 saepis-

221 856 323 895 sime
350 856 473 895 latere
512 866 679 896 externo
717 857 765 895 ad
802 858 918 896 basin
955 857 1126 896 dilatato
1163 871 1230 896 seu
1259 855 1510 905 auriculam,

220 933 356 977 postea
376 924 468 962 sinu
495 934 659 972 notato,
687 924 835 964 deiude
865 934 1052 976 arcuato;
1082 925 1194 977 apice
1215 924 1379 962 interno
1396 932 1512 962 acute

221 993 435 1047 valideque
466 994 701 1045 bidentat03
734 995 819 1033 basi
844 995 1004 1033 interna
1033 995 1075 1033 in
1100 994 1315 1033 nonnullis
1338 993 1511 1032 subuni-

219 1062 381 1102 dcntata
412 1063 687 1115 (1).chl)inm
712 1064 793 1103 fere
820 1063 985 1102 nullum
1012 1074 1081 1102 aut
1115 1063 1366 1112 obsoletuin3
1395 1062 1509 1100 illius

218 1131 352 1184 palpis
374 1131 654 1170 maxillarium
685 1133 764 1171 fere
784 1133 1090 1186 magnitudine,
1110 1131 1304 1185 parallele
1330 1130 1379 1169 ad
1406 1130 1511 1169 latus

218 1200 430 1239 internum
473 1203 679 1254 contiguis
706 1232 714 1243 ,
760 1202 946 1242 articulis
982 1203 1211 1250 distinctis,
1242 1202 1369 1241 menti
1403 1201 1510 1254 apici

220 1269 397 1307 insertis.
422 1271 612 1306 Mentmn
629 1284 826 1307 corneum
840 1299 850 1317 ‚
871 1271 1219 1321 subobtrigonum
1244 1280 1313 1308 aut
1329 1270 1511 1321 subqua-

219 1338 405 1386 dramm,
435 1338 483 1375 ad
498 1337 613 1374 basin
631 1337 884 1388 stipitatmn,
913 1338 1052 1389 stipite
1069 1352 1168 1389 saepe
1191 1337 1507 1389 elongato-sub-

218 1405 417 1458 quadrato
435 1437 444 1454 ,
475 1406 632 1444 inferne
655 1406 805 1443 sensim
833 1406 1075 1458 angustiore.
1104 1407 1236 1444 Pedes
1258 1405 1403 1458 postici
1425 1420 1507 1444 non

218 1474 431 1514 saltatorii.

275 1545 430 1595 Corpus
447 1553 612 1582 ovatum
625 1575 633 1591 ,
663 1545 704 1582 in
722 1543 915 1596 plurimis
935 1541 1321 1581 rotundo-ovatum.
1347 1544 1508 1580 Thorax

215 1628 237 1651 a
266 1614 350 1652 basi
381 1613 428 1651 ad
468 1614 625 1667 apicem
667 1615 815 1651 sensim
851 1613 1091 1666 angustior3
1132 1612 1317 1663 margine
1348 1611 1506 1663 postico

215 1681 442 1735 elytrorum
473 1683 580 1721 basis
608 1683 689 1721 fere
714 1681 935 1721 latitudine
955 1690 1023 1720 aut
1051 1680 1121 1719 illa
1142 1679 1264 1735 paulo
1285 1682 1508 1732 angustior.

215 1754 429 1792 Abclomen
459 1753 782 1805 subquadratnm
811 1762 849 1792 et
878 1753 926 1791 ad
947 1752 1103 1805 apicem
1131 1749 1507 1803 producto-acumi-

217 1831 358 1860 natum
400 1818 467 1859 a'ut
505 1831 671 1861 ovatum
703 1833 742 1861 et
775 1823 821 1861 ad
851 1822 968 1860 basin
1007 1830 1233 1859 transverse
1268 1829 1505 1859 truncatum

216 1889 280 1928 vel
319 1890 761 1944 trigono-quadratum.
798 1893 929 1930 Tihiae
958 1905 1064 1929 unco
1095 1904 1246 1929 corneo
1276 1898 1314 1928 et
1346 1891 1508 1927 interno

217 1961 360 2013 saepius
386 1961 435 1999 ad
466 1962 619 2015 apicem
648 1962 866 2001 instructae.

216 2081 251 2117 I.
285 2081 432 2131 Corpus
457 2081 827 2133 oblongo—oratum,
860 2082 984 2133 duplo
1014 2081 1160 2118 saltem
1191 2081 1350 2132 longius
1382 2095 1504 2131 quam

271 2151 399 2186 latius
418 2166 432 2196 ,·
463 2150 659 2188 abdomen
692 2152 908 2204 elongato-
925 2151 1170 2202 quadratum
1208 2158 1247 2186 ec
1275 2150 1334 2186 ad
1348 2151 1503 2200 apicem

265 2219 785 2270 producto-acuminatum
808 2251 820 2266 ,
864 2222 1072 2271 eoleoptris
1101 2218 1344 2270 longioribus
1379 2231 1501 2268 quam

265 2408 316 2454 (1)
342 2410 383 2441 In
411 2412 619 2444 curculione
652 2426 779 2447 nucum
808 2414 1027 2446 mandibulae
1062 2413 1260 2445 subcouicae
1286 2437 1294 2454 ‚
1333 2412 1500 2444 dentibus

219 2470 291 2502 sere
312 2471 435 2504 nullis.
